<?xml version="1.0" encoding="UTF-8"?><collection xmlns="http://www.loc.gov/MARC21/slim"><record><leader>00434nam--2200157-i-4500</leader><controlfield tag="001">000039842</controlfield><controlfield tag="002">20161230</controlfield><controlfield tag="005">20170112000734</controlfield><controlfield tag="008">060222s1000------------r-----000-0-eng-d</controlfield><datafield ind1=" " ind2=" " tag="080"><subfield code="a">621.311</subfield></datafield><datafield ind1=" " ind2=" " tag="100"><subfield code="a">Rudenberg, Reinhold</subfield></datafield><datafield ind1=" " ind2=" " tag="245"><subfield code="a">Transient performance of electric power systems. Phenomena in lumped networks</subfield></datafield><datafield ind1=" " ind2=" " tag="260"><subfield code="a">New York</subfield><subfield code="b">McGraw</subfield><subfield code="c">1950</subfield></datafield><datafield ind1=" " ind2=" " tag="300"><subfield code="a">XVII+832 + 1 Pl</subfield></datafield><datafield ind1=" " ind2=" " tag="852"><subfield code="a">11801</subfield></datafield><datafield ind1=" " ind2=" " tag="CAT"><subfield code="a">SYS</subfield><subfield code="c">20170112</subfield><subfield code="h">000734</subfield></datafield></record></collection>